@article{nissen2003implementation,
  title={Implementation of a fast artificial neural network library ({FANN})},
  author={Nissen, Steffen},
  journal={Report, Department of Computer Science University of Copenhagen ({DIKU})},
  volume={31},
  year={2003}
}


@InProceedings{Rusu_ICRA2011_PCL,
  author    = {Radu Bogdan Rusu and Steve Cousins},
  title     = {{3D is here: Point Cloud Library (PCL)}},
  booktitle = {{IEEE International Conference on Robotics and Automation (ICRA)}},
  month     = {May 9-13},
  year      = {2011},
  address   = {Shanghai, China}
}

@InProceedings{ msrc12,
    title = "Instructing people for training gestural interactive systems",
    author = "Simon Fothergill and Helena M. Mentis and Pushmeet Kohli and Sebastian Nowozin",
    booktitle = "CHI",
    publisher = "ACM",
    year = "2012",
    editor = "Joseph A. Konstan and Ed H. Chi and Kristina H{\"o}{\"o}k",
    pages = "1737--1746",
}

@inproceedings{triesch1996robust,
  title={Robust classification of hand postures against complex backgrounds},
  author={Triesch, Jochen and Von Der Malsburg, Christoph},
  booktitle={fg},
  pages={170},
  year={1996},
  organization={IEEE}
}

@article{triesch2001system,
  title={A system for person-independent hand posture recognition against complex backgrounds},
  author={Triesch, Jochen and Von Der Malsburg, Christoph},
  journal={IEEE Transactions on Pattern Analysis \& Machine Intelligence},
  number={12},
  pages={1449--1453},
  year={2001},
  publisher={IEEE}
}

@incollection{marcel1999hand,
  title={Hand posture recognition in a body-face centered space},
  author={Marcel, S{\'e}bastien and Bernier, Olivier},
  booktitle={Gesture-Based Communication in Human-Computer Interaction},
  pages={97--100},
  year={1999},
  publisher={Springer}
}

@article{tompson2014real,
  title={Real-time continuous pose recovery of human hands using convolutional networks},
  author={Tompson, Jonathan and Stein, Murphy and Lecun, Yann and Perlin, Ken},
  journal={ACM Transactions on Graphics (TOG)},
  volume={33},
  number={5},
  pages={169},
  year={2014},
  publisher={ACM}
}

@inproceedings{tang2014latent,
  title={Latent regression forest: Structured estimation of 3d articulated hand posture},
  author={Tang, Danhang and Chang, Hyung Jin and Tejani, Alykhan and Kim, Tae-Kyun},
  booktitle={Computer Vision and Pattern Recognition (CVPR), 2014 IEEE Conference on},
  pages={3786--3793},
  year={2014},
  organization={IEEE}
}

@inproceedings{sharp2015accurate,
  title={Accurate, Robust, and Flexible Real-time Hand Tracking},
  author={Sharp, Toby and Keskin, Cem and Robertson, Duncan and Taylor, Jonathan and Shotton, Jamie and Leichter, David Kim Christoph Rhemann Ido and Wei, Alon Vinnikov Yichen and Krupka, Daniel Freedman Pushmeet Kohli Eyal and Fitzgibbon, Andrew and Izadi, Shahram},
  booktitle={Proc. CHI},
  volume={8},
  year={2015}
}

@article{wetzler2015rule,
  title={Rule Of Thumb: Deep derotation for improved fingertip detection},
  author={Wetzler, Aaron and Slossberg, Ron and Kimmel, Ron},
  journal={arXiv preprint arXiv:1507.05726},
  year={2015}
}

@inproceedings{supancic2015depth,
  title={Depth-based hand pose estimation: data, methods, and challenges},
  author={Supancic, James S and Rogez, Gr{\'e}gory and Yang, Yi and Shotton, Jamie and Ramanan, Deva},
  booktitle={Proceedings of the IEEE International Conference on Computer Vision},
  pages={1868--1876},
  year={2015}
}

@inproceedings{qian2014realtime,
  title={Realtime and robust hand tracking from depth},
  author={Qian, Chen and Sun, Xiao and Wei, Yichen and Tang, Xiaoou and Sun, Jian},
  booktitle={Computer Vision and Pattern Recognition (CVPR), 2014 IEEE Conference on},
  pages={1106--1113},
  year={2014},
  organization={IEEE}
}

@inproceedings{simion2012tof,
  title={A ToF 3D database for hand gesture recognition},
  author={Simion, Georgiana and Caleanu, Catalin-Daniel},
  booktitle={Electronics and Telecommunications (ISETC), 2012 10th International Symposium on},
  pages={363--366},
  year={2012},
  organization={IEEE}
}

@inproceedings{liu2013learning,
  title={Learning discriminative representations from RGB-D video data},
  author={Liu, Li and Shao, Ling},
  booktitle={Proceedings of the Twenty-Third international joint conference on Artificial Intelligence},
  pages={1493--1500},
  year={2013},
  organization={AAAI Press}
}

@inproceedings{handtracker_iccv2013,
author = {Sridhar, Srinath and Oulasvirta, Antti and Theobalt, Christian},
title = {Interactive Markerless Articulated Hand Motion Tracking using RGB and Depth Data},
booktitle = {Proceedings of the {IEEE} International Conference on Computer Vision ({ICCV)}},
url = {http://handtracker.mpi-inf.mpg.de/projects/handtracker_iccv2013/},
numpages = {8},
month = Dec,
year = {2013}
} 
	
@inproceedings{Ruffieux:2013:CCM:2522848.2532590,
	Acmid = {2532590},
	Address = {New York, NY, USA},
	Author = {Ruffieux, Simon and Lalanne, Denis and Mugellini, Elena},
	Booktitle = {Proceedings of the 15th ACM on International Conference on Multimodal Interaction},
	Date-Modified = {2016-01-18 13:32:57 +0000},
	Doi = {10.1145/2522848.2532590},
	Isbn = {978-1-4503-2129-7},
	Keywords = {HCI, algorithms, corpus, gesture recognition, gesture spotting, open challenge, performance evaluation},
	Location = {Sydney, Australia},
	Numpages = {6},
	Pages = {483--488},
	Publisher = {ACM},
	Read = {0},
	Series = {ICMI '13},
	Title = {ChAirGest: A Challenge for Multimodal Mid-air Gesture Recognition for Close HCI},
	Url = {http://doi.acm.org/10.1145/2522848.2532590},
	Year = {2013},
	Bdsk-Url-1 = {http://doi.acm.org/10.1145/2522848.2532590},
	Bdsk-Url-2 = {http://dx.doi.org/10.1145/2522848.2532590}
}

@article{ruffieux2015gesture,
  title={Gesture recognition corpora and tools: A scripted ground truthing method},
  author={Ruffieux, Simon and Lalanne, Denis and Mugellini, Elena and Khaled, Omar Abou},
  journal={Computer Vision and Image Understanding},
  volume={131},
  pages={72--87},
  year={2015},
  publisher={Elsevier}
}

@article{foix2011lock,
  title={Lock-in time-of-flight (ToF) cameras: a survey},
  author={Foix, Sergi and Alenya, Guillem and Torras, Carme},
  journal={Sensors Journal, IEEE},
  volume={11},
  number={9},
  pages={1917--1926},
  year={2011},
  publisher={IEEE}
}

@inproceedings{marin2014hand,
  title={Hand gesture recognition with leap motion and kinect devices},
  author={Marin, Giulio and Dominio, Fabio and Zanuttigh, Pietro},
  booktitle={Image Processing (ICIP), 2014 IEEE International Conference on},
  pages={1565--1569},
  year={2014},
  organization={IEEE}
}

@inproceedings{van2011combining,
  title={Combining RGB and ToF cameras for real-time 3D hand gesture interaction},
  author={Van den Bergh, Michael and Van Gool, Luc},
  booktitle={Applications of Computer Vision (WACV), 2011 IEEE Workshop on},
  pages={66--72},
  year={2011},
  organization={IEEE}
}

@inproceedings{lindner2007data,
  title={Data-fusion of PMD-based distance-information and high-resolution RGB-images},
  author={Lindner, Marvin and Kolb, Andreas and Hartmann, Klaus},
  booktitle={Signals, Circuits and Systems, 2007. ISSCS 2007. International Symposium on},
  volume={1},
  pages={1--4},
  year={2007},
  organization={IEEE}
}
@article{gudmundsson2008fusion,
  title={Fusion of stereo vision and time-of-flight imaging for improved 3d estimation},
  author={Gudmundsson, Sigurjon Arni and Aanaes, Henrik and Larsen, Rasmus},
  journal={International Journal of Intelligent Systems Technologies and Applications},
  volume={5},
  number={3},
  pages={425--433},
  year={2008},
  publisher={Inderscience}
}

@inproceedings{fischer2007using,
  title={Using time-of-flight range data for occlusion handling in augmented reality},
  author={Fischer, Jan and Huhle, Benjamin and Schilling, Andreas},
  booktitle={Proceedings of the 13th Eurographics conference on Virtual Environments},
  pages={109--116},
  year={2007},
  organization={Eurographics Association}
}

@inproceedings{kim2008design,
  title={Design and calibration of a multi-view TOF sensor fusion system},
  author={Kim, Young Min and Chan, Derek and Theobalt, Christian and Thrun, Sebastian},
  booktitle={Computer Vision and Pattern Recognition Workshops, 2008. CVPRW'08. IEEE Computer Society Conference on},
  pages={1--7},
  year={2008},
  organization={IEEE}
}

@article{bouguet2004camera,
  title={Camera calibration toolbox for matlab},
  author={Bouguet, Jean-Yves},
  year={2004}
}

@article{kollorz2008gesture,
  title={Gesture recognition with a time-of-flight camera},
  author={Kollorz, E. and Penne, J. and Hornegger, J. and Barke, A.},
  journal={International Journal of Intelligent Systems Technologies and Applications},
  volume={5},
  number={3},
  pages={334--343},
  year={2008},
  publisher={Inderscience}
}

@inproceedings{wen2012robust,
  title={A robust method of detecting hand gestures using depth sensors},
  author={Wen, Y. and Hu, C. and Yu, G. and Wang, C.},
  booktitle={Haptic Audio Visual Environments and Games (HAVE), 2012 IEEE International Workshop on},
  pages={72--77},
  year={2012},
  organization={IEEE}
}

@article{tang2011recognizing,
  title={Recognizing hand gestures with {M}icrosoft's kinect},
  author={Tang, Matthew},
  journal={Web Site: http://www.stanford.edu/ class/ee368/Project\_11/ Reports/Tang\_Hand\_Gesture\_Recognition. pdf},
  year={2011}
}

@inproceedings{oprisescu2012automatic,
  title={Automatic static hand gesture recognition using ToF cameras},
  author={Oprisescu, S. and Rasche, C. and Su, B.},
  booktitle={Signal Processing Conference (EUSIPCO), 2012 Proceedings of the 20th European},
  pages={2748--2751},
  year={2012},
  organization={IEEE}
}

@inproceedings{soutschek20083,
  title={3-d gesture-based scene navigation in medical imaging applications using time-of-flight cameras},
  author={Soutschek, S. and Penne, J. and Hornegger, Jo. and Kornhuber, J.},
  booktitle={Computer Vision and Pattern Recognition Workshops, 2008. CVPRW'08. IEEE Computer Society Conference on},
  pages={1--6},
  year={2008},
  organization={IEEE}
}

@inproceedings{rusu2008aligning,
  title={Aligning point cloud views using persistent feature histograms},
  author={Rusu, Radu Bogdan and Blodow, Nico and Marton, Zoltan Csaba and Beetz, Michael},
  booktitle={Intelligent Robots and Systems, 2008. IROS 2008. IEEE/RSJ International Conference on},
  pages={3384--3391},
  year={2008},
  organization={IEEE}
}

@inproceedings{rusu2010fast,
  title={Fast 3d recognition and pose using the viewpoint feature histogram},
  author={Rusu, R. B. and Bradski, G. and Thibaux, R. and Hsu, J.},
  booktitle={Intelligent Robots and Systems (IROS), 2010 IEEE/RSJ International Conference on},
  pages={2155--2162},
  year={2010},
  organization={IEEE}
}

@inproceedings{rusu2009fast,
  title={Fast point feature histograms (fpfh) for 3d registration},
  author={Rusu, R. B. and Blodow, N. and Beetz, M.},
  booktitle={Robotics and Automation, 2009. ICRA'09. IEEE International Conference on},
  pages={3212--3217},
  year={2009},
  organization={IEEE}
}

@incollection{kapuscinski2014hand,
  title={Hand Gesture Recognition Using Time-of-Flight Camera and Viewpoint Feature Histogram},
  author={Kapu{\'s}ci{\'n}ski, T. and Oszust, M. and Wysocki, M.},
  booktitle={Intelligent Systems in Technical and Medical Diagnostics},
  pages={403--414},
  year={2014},
  publisher={Springer}
}

@incollection{bridle:1990, 
title={Probabilistic Interpretation of Feedforward Classification Network Outputs, with Relationships to Statistical Pattern Recognition}, 
author={Bridle, JS}, 
year={1990}, 
editor={Fogleman Soulie, F and Herault, J}, 
booktitle={Neurocomputing: Algorithms, Architectures and Applications}, 
publisher={Springer}, 
}

@inproceedings{wohlkinger2011ensemble,
  title={Ensemble of shape functions for 3D object classification},
  author={Wohlkinger, W. and Vincze, M.	},
  booktitle={Robotics and Biomimetics (ROBIO), 2011 IEEE International Conference on},
  pages={2987--2992},
  year={2011},
  organization={IEEE}
}

@book {haykin99,
author={Haykin,S.},
title={Neural networks: a comprehensive foundation},
publisher={Prentice Hall},
year={1999},
}

@article{pybrain2010jmlr,
        Author = {Schaul, T. and Bayer, J. and Wierstra, D. and Sun, Yi and
                  Felder, M. and Sehnke, F. and R{\"u}ckstie{\ss}, T. and Schmidhuber, J.},
        Journal = {Journal of Machine Learning Research},
        Pages = {743--746},
        Title = {{PyBrain}},
        Volume = {11},
        Year = {2010}}

@inproceedings{oikonomidis2011efficient,
  title={Efficient model-based 3D tracking of hand articulations using Kinect.},
  author={Oikonomidis, Iason and Kyriazis, Nikolaos and Argyros, Antonis A},
  booktitle={BMVC},
  pages={1--11},
  year={2011}
}

@inproceedings{suarez2012hand,
  title={Hand gesture recognition with depth images: A review},
  author={Suarez, Jesus and Murphy, Robin R},
  booktitle={RO-MAN, 2012 IEEE},
  pages={411--417},
  year={2012},
  organization={IEEE}
}


@inproceedings{ren2011depth,
  title={Depth camera based hand gesture recognition and its applications in human-computer-interaction},
  author={Ren, Zhou and Meng, Jingjing and Yuan, Junsong},
  booktitle={Information, Communications and Signal Processing (ICICS) 2011 8th International Conference on},
  pages={1--5},
  year={2011},
  organization={IEEE}
}

@article{wachs2011vision,
  title={Vision-based hand-gesture applications},
  author={Wachs, Juan Pablo and K{\"o}lsch, Mathias and Stern, Helman and Edan, Yael},
  journal={Communications of the ACM},
  volume={54},
  number={2},
  pages={60--71},
  year={2011},
  publisher={ACM}
}

@incollection{bailly2011comparing,
  title={Comparing free hand menu techniques for distant displays using linear, marking and finger-count menus},
  author={Bailly, Gilles and Walter, Robert and M{\"u}ller, J{\"o}rg and Ning, Tongyan and Lecolinet, Eric},
  booktitle={Human-Computer Interaction--INTERACT 2011},
  pages={248--262},
  year={2011},
  publisher={Springer}
}

@inproceedings{wilson2010combining,
  title={Combining multiple depth cameras and projectors for interactions on, above and between surfaces},
  author={Wilson, Andrew D and Benko, Hrvoje},
  booktitle={Proceedings of the 23nd annual ACM symposium on User interface software and technology},
  pages={273--282},
  year={2010},
  organization={ACM}
}

@inproceedings{johnson2011exploring,
  title={Exploring the potential for touchless interaction in image-guided interventional radiology},
  author={Johnson, Rose and O'Hara, Kenton and Sellen, Abigail and Cousins, Claire and Criminisi, Antonio},
  booktitle={Proceedings of the SIGCHI Conference on Human Factors in Computing Systems},
  pages={3323--3332},
  year={2011},
  organization={ACM}
}

@article{ruppert2012touchless,
  title={Touchless gesture user interface for interactive image visualization in urological surgery},
  author={Ruppert, Guilherme Cesar Soares and Reis, Leonardo Oliveira and Amorim, Paulo Henrique Junqueira and de Moraes, Thiago Franco and da Silva, Jorge Vicente Lopes},
  journal={World journal of urology},
  volume={30},
  number={5},
  pages={687--691},
  year={2012},
  publisher={Springer}
}

@inproceedings{pickering2007research,
  title={A research study of hand gesture recognition technologies and applications for human vehicle interaction},
  author={Pickering, Carl A and Burnham, Keith J and Richardson, Michael J},
  booktitle={3rd Conf. on Automotive Electronics},
  year={2007},
  organization={Citeseer}
}

@inproceedings{kopinski2016touch,
  title={Touch versus mid-air gesture interfaces in road scenarios-measuring driver performance degradation},
  author={Kopinski, Thomas and Eberwein, Jan and Geisler, Stefan and Handmann, Uwe},
  booktitle={Intelligent Transportation Systems (ITSC), 2016 IEEE 19th International Conference on},
  pages={661--666},
  year={2016},
  organization={IEEE}
}



@article{znagui2011touch,
  title={Touch versus in-air hand gestures: evaluating the acceptance by seniors of human-robot interaction},
  author={Znagui Hassani, Anouar and van Dijk, Betsy and Ludden, Geke and Eertink, Henk},
  journal={Ambient Intelligence},
  pages={309--313},
  year={2011},
  publisher={Springer}
}

@article{kopinskineural,
  title={Neural network based data fusion for hand pose recognition with multiple ToF sensors},
  author={Kopinski, Thomas and Gepperth, Alexander and Geisler, Stefan and Handmann, Uwe},
  journal={ICANN},
  year={2014}
}

@inproceedings{riener2011natural,
  title={Natural DVI based on intuitive hand gestures},
  author={Riener, Andreas and Rossbory, Michael and Ferscha, Alois},
  booktitle={Workshop UX in Cars, Interact},
  pages={5},
  year={2011}
}

@inproceedings{kopinski2015pragmatic,
  title={A pragmatic approach to multi-class classification},
  author={Kopinski, Thomas and Magand, St{\'e}phane and Handmann, Uwe and Gepperth, Alexander},
  booktitle={Neural Networks (IJCNN), 2015 International Joint Conference on},
  pages={1--8},
  year={2015},
  organization={IEEE}
}



@inproceedings{kopinski2014real,
  title={A real-time applicable 3D gesture recognition system for Automobile HMI},
  author={Kopinski, Thomas and Geisler, Stefan and Caron, Louis-Charles and Gepperth, Alexander and Handmann, Uwe},
  booktitle={Intelligent Transportation Systems (ITSC), 2014 IEEE 17th International Conference on},
  pages={2616--2622},
  year={2014},
  organization={IEEE}
}	


@article{nissen2003implementation,
  title={Implementation of a fast artificial neural network library (fann)},
  author={Nissen, Steffen},
  journal={Report, Department of Computer Science University of Copenhagen (DIKU)},
  volume={31},
  year={2003}
}



@book{jolliffe2005principal,
  title={Principal component analysis},
  author={Jolliffe, Ian},
  year={2005},
  publisher={Wiley Online Library}
}

@inproceedings{kopinski2015light,
  title={A light-weight real-time applicable hand gesture recognition system for automotive applications},
  author={Kopinski, Thomas and Magand, St{\'e}phane and Gepperth, Alexander and Handmann, Uwe},
  booktitle={Intelligent Vehicles Symposium (IV), 2015 IEEE},
  pages={336--342},
  year={2015},
  organization={IEEE}
}

@inproceedings{kopinski2015real,
  title={A real-time applicable dynamic hand gesture recognition framework},
  author={Kopinski, Thomas and Gepperth, Alexander and Handmann, Uwe},
  booktitle={Intelligent Transportation Systems (ITSC), 2015 IEEE 18th International Conference on},
  pages={2358--2363},
  year={2015},
  organization={IEEE}
}

@inproceedings{lai2011large,
  title={A large-scale hierarchical multi-view rgb-d object dataset},
  author={Lai, Kevin and Bo, Liefeng and Ren, Xiaofeng and Fox, Dieter},
  booktitle={Robotics and Automation (ICRA), 2011 IEEE International Conference on},
  pages={1817--1824},
  year={2011},
  organization={IEEE}
}

@inproceedings{singh2014bigbird,
  title={Bigbird: A large-scale 3d database of object instances},
  author={Singh, Ashutosh and Sha, Jin and Narayan, Karthik S and Achim, Tudor and Abbeel, Pieter},
  booktitle={Robotics and Automation (ICRA), 2014 IEEE International Conference on},
  pages={509--516},
  year={2014},
  organization={IEEE}
}

@inproceedings{caronneural,
  title={Neural Network Fusion of Color, Depth and Location for Object Instance Recognition on a Mobile Robot},
  author={Caron, Louis-Charles and Filliat, David and Gepperth, Alexander},
  booktitle={Second Workshop on Assistive Computer Vision and Robotics (ACVR), in conjunction with European Conference on Computer Vision},
year=2014
}

@inproceedings{kopinski2016tof,
  title={A ToF-based Hand Posture Database for Automotive Applications},
  author={Kopinski, Thomas and Gepperth, Alexander and Handmann, Uwe},
  booktitle={Intelligent Vehicles Symposium (IV), 2016 IEEE},
  pages={tbd},
  year={2016},
  organization={IEEE}
}

@article{collet2011moped,
  title={The MOPED framework: Object recognition and pose estimation for manipulation},
  author={Collet, Alvaro and Martinez, Manuel and Srinivasa, Siddhartha S},
  journal={The International Journal of Robotics Research},
  pages={0278364911401765},
  year={2011},
  publisher={SAGE Publications}
}

@incollection{janoch2013category,
  title={A category-level 3d object dataset: Putting the kinect to work},
  author={Janoch, Allison and Karayev, Sergey and Jia, Yangqing and Barron, Jonathan T and Fritz, Mario and Saenko, Kate and Darrell, Trevor},
  booktitle={Consumer Depth Cameras for Computer Vision},
  pages={141--165},
  year={2013},
  publisher={Springer}
}

@incollection{silberman2012indoor,
  title={Indoor segmentation and support inference from RGBD images},
  author={Silberman, Nathan and Hoiem, Derek and Kohli, Pushmeet and Fergus, Rob},
  booktitle={Computer Vision--ECCV 2012},
  pages={746--760},
  year={2012},
  publisher={Springer}
}

@inproceedings{sturm2012benchmark,
  title={A benchmark for the evaluation of RGB-D SLAM systems},
  author={Sturm, J{\"u}rgen and Engelhard, Nikolas and Endres, Felix and Burgard, Wolfram and Cremers, Daniel},
  booktitle={Intelligent Robots and Systems (IROS), 2012 IEEE/RSJ International Conference on},
  pages={573--580},
  year={2012},
  organization={IEEE}
}
